<?xml version="1.0" encoding="utf-8"?>
<record xmlns="http://www.loc.gov/MARC21/slim" xmlns:xsi="http://www.w3.org/2001/XMLSchema-instance" xsi:schemaLocation="http://www.loc.gov/MARC21/slim http://www.loc.gov/standards/marcxml/schema/MARC21slim.xsd">
	<leader>     nam a22     Mi 4500</leader>
	<controlfield tag="001">3177191</controlfield>
	<controlfield tag="003">NNC</controlfield>
	<controlfield tag="006">m        d        </controlfield>
	<controlfield tag="007">cr cn |||m|||a</controlfield>
	<controlfield tag="008">181206s1901    le      o     000 0 arard</controlfield>
	<datafield ind1=" " ind2=" " tag="040">
		<subfield code="a">ZYU</subfield>
		<subfield code="b">ara</subfield>
		<subfield code="e">rda</subfield>
		<subfield code="c">ZYU</subfield>
	</datafield>
	<datafield ind1=" " ind2="4" tag="050">
		<subfield code="a">PJ6161.I33</subfield>
		<subfield code="b">.B38x 1901</subfield>
	</datafield>
	<datafield ind1="1" ind2=" " tag="100">
		<subfield code="6">880-01</subfield>
		<subfield code="a">Baṭalyawsī, ʻAbd Allāh ibn Muḥammad,</subfield>
		<subfield code="d">1052 or 1053-1127,</subfield>
		<subfield code="e">author.</subfield>
	</datafield>
	<datafield ind1="1" ind2="3" tag="245">
		<subfield code="6">880-02</subfield>
		<subfield code="a">al-Iqtiḍāb fī sharḥ Adab al-kuttāb /</subfield>
		<subfield code="c">li-Ibn al-Sayyid al-Baṭalyawsī ; waqafa ʻalá ṭabʻihi wa-iʻtaná bi-murājaʻat aṣlihi wa-ṣaḥḥaḥa mā wujida fīhi min al-taḥrīf wa-al-taṣḥīf wa-al-aghlāṭ al-naskhīyah ʻAbd Allāh Afandī al-Bustānī.</subfield>
	</datafield>
	<datafield ind1="1" ind2="0" tag="246">
		<subfield code="6">880-03</subfield>
		<subfield code="a">Sharḥ Adab al-kuttāb</subfield>
	</datafield>
	<datafield ind1=" " ind2="3" tag="264">
		<subfield code="6">880-04</subfield>
		<subfield code="a">Bayrūt :</subfield>
		<subfield code="b">al-Maṭbaʻah al-Adabīyah,</subfield>
		<subfield code="c">1901.</subfield>
	</datafield>
	<datafield ind1=" " ind2=" " tag="300">
		<subfield code="a">online resource (177 [i.e. 477] pages)</subfield>
	</datafield>
	<datafield ind1=" " ind2=" " tag="336">
		<subfield code="a">text</subfield>
		<subfield code="2">rdacontent</subfield>
	</datafield>
	<datafield ind1=" " ind2=" " tag="337">
		<subfield code="a">computer</subfield>
		<subfield code="2">rdamedia</subfield>
	</datafield>
	<datafield ind1=" " ind2=" " tag="338">
		<subfield code="a">online resource</subfield>
		<subfield code="2">rdacarrier</subfield>
	</datafield>
	<datafield ind1=" " ind2=" " tag="500">
		<subfield code="a">Part of the Arabic Collections Online (ACO) project, contributed by Columbia University Libraries.</subfield>
	</datafield>
	<datafield ind1=" " ind2=" " tag="533">
		<subfield code="a">Electronic reproduction.</subfield>
		<subfield code="b">New York, N.Y. :</subfield>
		<subfield code="c">New York University,</subfield>
		<subfield code="d">2018.</subfield>
		<subfield code="5">NNU</subfield>
	</datafield>
	<datafield ind1="1" ind2="0" tag="600">
		<subfield code="6">880-05</subfield>
		<subfield code="a">Ibn Qutaybah, ʻAbd Allāh ibn Muslim,</subfield>
		<subfield code="d">828-889?</subfield>
		<subfield code="t">Adab al-kātib.</subfield>
	</datafield>
	<datafield ind1=" " ind2="0" tag="650">
		<subfield code="a">Arabic language</subfield>
		<subfield code="x">Style</subfield>
		<subfield code="v">Early works to 1800.</subfield>
	</datafield>
	<datafield ind1="0" ind2="7" tag="630">
		<subfield code="a">Adab al-kātib (Ibn Qutaybah, ʻAbd Allāh ibn Muslim)</subfield>
		<subfield code="2">fast</subfield>
		<subfield code="0">(OCoLC)fst01367394</subfield>
	</datafield>
	<datafield ind1=" " ind2="7" tag="650">
		<subfield code="a">Arabic language</subfield>
		<subfield code="x">Style.</subfield>
		<subfield code="2">fast</subfield>
		<subfield code="0">(OCoLC)fst00812437</subfield>
	</datafield>
	<datafield ind1=" " ind2="7" tag="655">
		<subfield code="a">Early works.</subfield>
		<subfield code="2">fast</subfield>
		<subfield code="0">(OCoLC)fst01411636</subfield>
	</datafield>
	<datafield ind1="1" ind2=" " tag="700">
		<subfield code="6">880-06</subfield>
		<subfield code="a">Bustānī, ʻAbd Allāh,</subfield>
		<subfield code="e">commentator.</subfield>
	</datafield>
	<datafield ind1="2" ind2=" " tag="710">
		<subfield code="a">Columbia University.</subfield>
		<subfield code="b">Libraries.</subfield>
	</datafield>
	<datafield ind1="0" ind2=" " tag="730">
		<subfield code="a">Arabic Collections Online.</subfield>
	</datafield>
	<datafield ind1="0" ind2="8" tag="776">
		<subfield code="i">Online version:</subfield>
		<subfield code="a">Baṭalyawsī, ʻAbd Allāh ibn Muḥammad, 1052 or 3-1127.</subfield>
		<subfield code="t">Iqtiḍāb fī sharḥ Adab al-kuttāb.</subfield>
		<subfield code="d">Bayrūt : al-Maṭbaʻah al-Adabīyah, 1901</subfield>
		<subfield code="w">(OCoLC)780216061</subfield>
	</datafield>
	<datafield ind1="0" ind2="8" tag="776">
		<subfield code="i">Print version:</subfield>
		<subfield code="a">Baṭalyawsī, ʻAbd Allāh ibn Muḥammad, 1052 or 1053-1127, author.</subfield>
		<subfield code="t">al-Iqtiḍāb fī sharḥ Adab al-kuttāb</subfield>
		<subfield code="w">(NNC)3177191</subfield>
		<subfield code="w">(OCoLC)37962910</subfield>
	</datafield>
	<datafield ind1="4" ind2="0" tag="856">
		<subfield code="u">http://hdl.handle.net/2333.1/2rbp00gr</subfield>
	</datafield>
	<datafield ind1="1" ind2=" " tag="880">
		<subfield code="6">100-01</subfield>
		<subfield code="a">بطليوسي، عبد الله بن محمد،</subfield>
		<subfield code="d">1052 or 1053-1127,</subfield>
		<subfield code="e">author.</subfield>
	</datafield>
	<datafield ind1="1" ind2="2" tag="880">
		<subfield code="6">245-02</subfield>
		<subfield code="a">الاقتضاب في شرح أدب الكتاب /</subfield>
		<subfield code="c">لابن السيد البطليوسي ؛ وقف على طبعه واعتنى بمراجعة أصله وصحح ما وجد فيه من التحريف والتصحيح والأغلاط النسخية عبد الله البستاني.</subfield>
	</datafield>
	<datafield ind1="1" ind2="0" tag="880">
		<subfield code="6">246-03</subfield>
		<subfield code="a">شرح ادب الكتاب</subfield>
	</datafield>
	<datafield ind1=" " ind2="3" tag="880">
		<subfield code="6">264-04</subfield>
		<subfield code="a">بيروت :</subfield>
		<subfield code="b">المطبعة الادبية،</subfield>
		<subfield code="c">١٩٠١.</subfield>
	</datafield>
	<datafield ind1="1" ind2="4" tag="880">
		<subfield code="6">600-05</subfield>
		<subfield code="a">ابن قتيبة، عبد الله بن مسلم.</subfield>
		<subfield code="t">أدب الكاتب.</subfield>
	</datafield>
	<datafield ind1="1" ind2=" " tag="880">
		<subfield code="6">700-06</subfield>
		<subfield code="a">بستاني، عبد الله.</subfield>
	</datafield>
	<datafield ind1=" " ind2=" " tag="959">
		<subfield code="a">NNU</subfield>
		<subfield code="b">WEB</subfield>
		<subfield code="c">GENI</subfield>
		<subfield code="t">0</subfield>
		<subfield code="m">Electronic access</subfield>
		<subfield code="s">01</subfield>
	</datafield>
	<datafield ind1=" " ind2=" " tag="999">
		<subfield code="i">NNC_3177191</subfield>
		<subfield code="o">(OCoLC)ocm37962910</subfield>
		<subfield code="s">columbia_aco003314</subfield>
		<subfield code="e">(ERROR-880)</subfield>
		<subfield code="s">columbia_aco003314</subfield>
	</datafield>
</record>
